@article{Luzum:2011aa,
	abstract = {In the 2006-2009 triennium, the International Astronomical Union (IAU) Working Group on Numerical Standards for Fundamental Astronomy determined a list of Current Best Estimates (CBEs). The IAU 2009 Resolution B2 adopted these CBEs as the IAU (2009) System of Astronomical Constants. Additional work continues to define the process of updating the CBEs and creating a standard electronic document.},
	adsnote = {Provided by the SAO/NASA Astrophysics Data System},
	adsurl = {https://ui.adsabs.harvard.edu/abs/2011CeMDA.110..293L},
	author = {{Luzum}, Brian and {Capitaine}, Nicole and {Fienga}, Agn{\`e}s and {Folkner}, William and {Fukushima}, Toshio and {Hilton}, James and {Hohenkerk}, Catherine and {Krasinsky}, George and {Petit}, G{\'e}rard and {Pitjeva}, Elena and {Soffel}, Michael and {Wallace}, Patrick},
	date-added = {2023-12-04 20:44:00 +0900},
	date-modified = {2023-12-04 20:44:01 +0900},
	doi = {10.1007/s10569-011-9352-4},
	journal = {Celestial Mechanics and Dynamical Astronomy},
	keywords = {Numerical standards, Fundamental Astronomy, Fundamental constants},
	month = aug,
	number = {4},
	pages = {293-304},
	title = {{The IAU 2009 system of astronomical constants: the report of the IAU working group on numerical standards for Fundamental Astronomy}},
	volume = {110},
	year = 2011,
	bdsk-file-1 = {YnBsaXN0MDDSAQIDBFxyZWxhdGl2ZVBhdGhZYWxpYXNEYXRhXxASLi4vdG1wNGJfMWY3a3kucGRmTxEBaAAAAAABaAACAAAMTWFjaW50b3NoIEhEAAAAAAAAAAAAAAAAAAAA4X8t90JEAAH/////D3RtcDRiXzFmN2t5LnBkZgAAAAAAAAAAAAAAAAAAAAAAAAAAAAAAAAAAAAAAAAAAAAAAAAAAAAAAAAAAAAAAAP/////hk+qQAAAAAAAAAAAAAQABAAAKIGN1AAAAAAAAAAAAAAAAAAZQYXBlcnMAAgA3LzpVc2VyczpuYW9raW1hdHN1bW90bzpEb2N1bWVudHM6UGFwZXJzOnRtcDRiXzFmN2t5LnBkZgAADgAgAA8AdABtAHAANABiAF8AMQBmADcAawB5AC4AcABkAGYADwAaAAwATQBhAGMAaQBuAHQAbwBzAGgAIABIAEQAEgA1VXNlcnMvbmFva2ltYXRzdW1vdG8vRG9jdW1lbnRzL1BhcGVycy90bXA0Yl8xZjdreS5wZGYAABMAAS8AABUAAgAV//8AAAAIAA0AGgAkADkAAAAAAAACAQAAAAAAAAAFAAAAAAAAAAAAAAAAAAABpQ==},
	bdsk-url-1 = {https://doi.org/10.1007/s10569-011-9352-4},
	bdsk-url-2 = {https://ui.adsabs.harvard.edu/abs/2011CeMDA.110..293L}
}

@book{1130000796831041920,
      author="Peterson, B. M. (Bradley M.) and 和田, 桂一 and 粟木, 久光 and 亀野, 誠二 and 谷口, 義明 and 寺島, 雄一 and 長尾, 透",
      title="ピーターソン活動銀河核 : 巨大ブラックホールが引き起こすAGN現象のすべて",
      publisher="丸善",
      year="2010",
      URL="https://cir.nii.ac.jp/crid/1130000796831041920"
}


@article{2018ARAA..56..625H,
      author = {{Hickox}, Ryan C. and {Alexander}, David M.},
      date-added = {2022-04-13 15:53:36 +0900},
      date-modified = {2022-04-14 00:56:35 +0900},
      doi = {10.1146/annurev-astro-081817-051803},
      journal = {ARAA},
      keywords = {Astrophysics - Astrophysics of Galaxies, Astrophysics - Cosmology and Nongalactic Astrophysics},
      month = {sep},
      pages = {625-671},
      rating = {0},
      title = {Obscured Active Galactic Nuclei},
      volume = {56},
      year = {2018},
      bdsk-file-1 = {YnBsaXN0MDDSAQIDBFxyZWxhdGl2ZVBhdGhZYWxpYXNEYXRhXxAyLi4vSGlja294O0FsZXhhbmRlcigyMDE4aSlPYnNjdXJlZCBBY3RpdmUgR2FsYS5wZGZPEQHoAAAAAAHoAAIAAAxNYWNpbnRvc2ggSEQAAAAAAAAAAAAAAAAAAAAAAAAAQkQAAf////8fSGlja294O0FsZXhhbmRlcigyI0ZGRkZGRkZGLnBkZgAAAAAAAAAAAAAAAAAAAAAAAAAAAAAAAAAAAAAAAAAA/////wAAAAAAAAAAAAAAAAABAAEAAAogY3UAAAAAAAAAAAAAAAAABlBhcGVycwACAFcvOlVzZXJzOm1hdHN1bW90b25hb2tpOkRvY3VtZW50czpQYXBlcnM6SGlja294O0FsZXhhbmRlcigyMDE4aSlPYnNjdXJlZCBBY3RpdmUgR2FsYS5wZGYAAA4AYAAvAEgAaQBjAGsAbwB4ADsAQQBsAGUAeABhAG4AZABlAHIAKAAyADAAMQA4AGkAKQBPAGIAcwBjAHUAcgBlAGQAIABBAGMAdABpAHYAZQAgAEcAYQBsAGEALgBwAGQAZgAPABoADABNAGEAYwBpAG4AdABvAHMAaAAgAEgARAASAFVVc2Vycy9tYXRzdW1vdG9uYW9raS9Eb2N1bWVudHMvUGFwZXJzL0hpY2tveDtBbGV4YW5kZXIoMjAxOGkpT2JzY3VyZWQgQWN0aXZlIEdhbGEucGRmAAATAAEvAAAVAAIAFf//AAAACAANABoAJABZAAAAAAAAAgEAAAAAAAAABQAAAAAAAAAAAAAAAAAAAkU=}
}
